@techreport{sota16,
		title = "Eco Cars: State of the Art",
        author = "Lang, Adam and Fr√∂derberg, Andreas and Ramm, Alexander and Hjelm, Emil and Odell, Richard and Ferhatovic, Sanel",
        year = "2016",
        institution = "ITM"
        }

@manual{ibm_req,
    title = "Telelogic DOORS: Get It Right the First Time: Writing Better
    Requirements",
    organization = "IBM Corporation",
    year = "2008"
}

